@book{goldstein2006,
  title = {Matemática Aplicada - 10.Ed.: Economia,Administração e Contabilidade},
  author = {Goldstein, L.J. and Schneider, D.I. andLay, D.C. and Medeiros, H.B.},
  isbn = {9788536305615},
  year = {2006},
  publisher = {Bookman Companhia}
}